@inproceedings{Ziarek11,
  author = {Ziarek, Lukasz and Sivaramakrishnan, KC and Jagannathan, Suresh},
  title = {Composable asynchronous events},
  year = {2011},
  isbn = {9781450306638},
  publisher = {Association for Computing Machinery},
  address = {New York, NY, USA},
  url = {https://doi.org/10.1145/1993498.1993572},
  doi = {10.1145/1993498.1993572},
  booktitle = {Proceedings of the 32nd ACM SIGPLAN Conference on Programming Language Design and Implementation},
  pages = {628–639},
  numpages = {12},
  keywords = {asynchrony, composability, concurrent ml, first-class events, message-passing},
  location = {San Jose, California, USA},
  series = {PLDI '11}
}

@inproceedings{quelea,
  author = {Sivaramakrishnan, KC and Kaki, Gowtham and Jagannathan, Suresh},
  title = {Declarative programming over eventually consistent data stores},
  year = {2015},
  isbn = {9781450334686},
  publisher = {Association for Computing Machinery},
  address = {New York, NY, USA},
  url = {https://doi.org/10.1145/2737924.2737981},
  doi = {10.1145/2737924.2737981},
  booktitle = {Proceedings of the 36th ACM SIGPLAN Conference on Programming Language Design and Implementation},
  pages = {413–424},
  numpages = {12},
  keywords = {SMT solvers, Quelea, Haskell, Eventual Consistency, Distributed Transactions, Decidable Logic, Contract Classification, Cassandra, CRDTs, Axiomatic Contracts, Availability},
  location = {Portland, OR, USA},
  series = {PLDI '15}
}

@article{CompSA, 
  title={Composable scheduler activations for Haskell}, 
  volume={26},
  DOI={10.1017/S0956796816000071}, 
  journal={Journal of Functional Programming},
  author={Sivaramakrishnan, KC and Harris, Tim and Marlow, Simon and Peyton Jones, Simon}, 
  year={2016}, 
  pages={e9}} 

@inproceedings{Ziarek09,
  author = {Ziarek, Lukasz and Sivaramakrishnan, KC and Jagannathan, Suresh},
  title = {Partial memoization of concurrency and communication},
  year = {2009},
  isbn = {9781605583327},
  publisher = {Association for Computing Machinery},
  address = {New York, NY, USA},
  url = {https://doi.org/10.1145/1596550.1596575},
  doi = {10.1145/1596550.1596575},
  booktitle = {Proceedings of the 14th ACM SIGPLAN International Conference on Functional Programming},
  pages = {161–172},
  numpages = {12},
  keywords = {software transactions, partial memoization, multicore systems, concurrent programming, concurrent ml},
  location = {Edinburgh, Scotland},
  series = {ICFP '09}
}

@inproceedings{mmpar,
  author = {Sivaramakrishnan, KC and Ziarek, Lukasz and Prasad, Raghavendra and Jagannathan, Suresh},
  title = {Lightweight asynchrony using parasitic threads},
  year = {2010},
  isbn = {9781605588599},
  publisher = {Association for Computing Machinery},
  address = {New York, NY, USA},
  url = {https://doi.org/10.1145/1708046.1708059},
  doi = {10.1145/1708046.1708059},
  booktitle = {Proceedings of the 5th ACM SIGPLAN Workshop on Declarative Aspects of Multicore Programming},
  pages = {63–72},
  numpages = {10},
  keywords = {asynchronous communication, lightweight threading, message passing, mlton},
  location = {Madrid, Spain},
  series = {DAMP '10}
}

@article{SPARTA,
	title={Scalable Lightweight Task Management for MIMD Processors},
	author={Waddington, Daniel G and Tian, Chen and Sivaramakrishnan, KC},
	journal={EuroSys workshop, Systems for Future Multicore Architectures (SFMA 2011)},
	pages={1--6},
	year={2011}
}

@inproceedings{effects,
	author = {Dolan, Stephen and White, Leo and Sivaramakrishnan, KC and Yallop, Jeremy and Madhavapeddy, Anil},
	title = {{Effective Concurrency through Algebraic Effects}},
	booktitle = {{The OCaml Users and Developers Workshop}},
	series = {OCaml '15},
	year = {2015},
	address = {Vancouver, Canada}
}

@phdthesis{thesis,
	author={Sivaramakrishnan, KC},
	advisor={Jagannathan, Suresh},
	title = {{Functional Programming Abstractions for Weakly Consistent Systems}},
	year = {2014},
	school = {Purdue University},
	address = {West Lafayette, IN, USA},
}

@inproceedings{RxCML,
	author = {Ziarek, Lukasz and KC Sivaramakrishnan and Jagannathan, Suresh},
	title = {{Rx-CML: A Prescription for Safely Relaxing Synchrony}},
	booktitle = {PADL},
	year = {2014},
}

@article{MMJFP,
	author = {KC Sivaramakrishnan and Ziarek, Lukasz and Jagannathan, Suresh},
	title = {{MultiMLton: A Multicore-aware Runtime for Standard ML}},
	journal = {Journal of Functional Programming},
	year = {2014}}


@inproceedings{mmgc,
  author = {Sivaramakrishnan, KC and Ziarek, Lukasz and Jagannathan, Suresh},
  title = {Eliminating read barriers through procrastination and cleanliness},
  year = {2012},
  isbn = {9781450313506},
  publisher = {Association for Computing Machinery},
  address = {New York, NY, USA},
  url = {https://doi.org/10.1145/2258996.2259005},
  doi = {10.1145/2258996.2259005},
  booktitle = {Proceedings of the 2012 International Symposium on Memory Management},
  pages = {49–60},
  numpages = {12},
  keywords = {barrier elimination, cleanliness, concurrent programming, functional languages, parallel and concurrent collection, private heaps},
  location = {Beijing, China},
  series = {ISMM '12}
}

@inproceedings{KC_MARC12,
	author = {KC Sivaramakrishnan and Ziarek, Lukasz and Jagannathan, Suresh},
	title = {{A Coherent and Managed Runtime for ML on the SCC}},
	month = nov,
	year = {2012},
	pages = {20--25},
	booktitle = {{Proceedings of the Many-core Applications Research Community
		(MARC) Symposium at RWTH Aachen University}},
}

@inproceedings{Ziarek_ICFP09,
	author = {Ziarek, Lukasz and KC Sivaramakrishnan and Jagannathan, Suresh},
	title = {{Partial Memoization of Concurrency and Communication}},
	booktitle = {ICFP},
	year = {2009},
	pages = {161--172},
}


@inproceedings{RetroEffects,
  author = {Sivaramakrishnan, KC and Dolan, Stephen and White, Leo and Kelly, Tom and Jaffer, Sadiq and Madhavapeddy, Anil},
  title = {Retrofitting effect handlers onto OCaml},
  year = {2021},
  isbn = {9781450383912},
  publisher = {Association for Computing Machinery},
  address = {New York, NY, USA},
  url = {https://doi.org/10.1145/3453483.3454039},
  doi = {10.1145/3453483.3454039},
  booktitle = {Proceedings of the 42nd ACM SIGPLAN International Conference on Programming Language Design and Implementation},
  pages = {206–221},
  numpages = {16},
  keywords = {Backtraces, Backwards compatibility, Continuations, Effect handlers, Fibers},
  location = {Virtual, Canada},
  series = {PLDI 2021}
}

@article{oxidising,
  author = {Lorenzen, Anton and White, Leo and Dolan, Stephen and A. Eisenberg, Richard and Lindley, Sam},
  title = {Oxidising OCaml with Modal Memory Management},
  year = {2024},
  issue_date = {September 2024},
  publisher = {Association for Computing Machinery},
  address = {New York, NY, USA},
  volume = {4},
  number = {ICFP},
  url = {https://homepages.inf.ed.ac.uk/slindley/papers/mode-inference-draft-feb2024.pdf},
  journal = {Proc. ACM Program. Lang.},
  month = {sep},
  numpages = {30},
}

@article{RetroParallel,
  author = {Sivaramakrishnan, KC and Dolan, Stephen and White, Leo and Jaffer, Sadiq and Kelly, Tom and Sahoo, Anmol and Parimala, Sudha and Dhiman, Atul and Madhavapeddy, Anil},
  title = {Retrofitting parallelism onto OCaml},
  year = {2020},
  issue_date = {August 2020},
  publisher = {Association for Computing Machinery},
  address = {New York, NY, USA},
  volume = {4},
  number = {ICFP},
  url = {https://doi.org/10.1145/3408995},
  doi = {10.1145/3408995},
  journal = {Proc. ACM Program. Lang.},
  month = {aug},
  articleno = {113},
  numpages = {30},
  keywords = {concurrent garbage collection, backwards compatibility}
}


@inproceedings{LDRF,
  author = {Dolan, Stephen and Sivaramakrishnan, KC and Madhavapeddy, Anil},
  title = {Bounding data races in space and time},
  year = {2018},
  isbn = {9781450356985},
  publisher = {Association for Computing Machinery},
  address = {New York, NY, USA},
  url = {https://doi.org/10.1145/3192366.3192421},
  doi = {10.1145/3192366.3192421},
  booktitle = {Proceedings of the 39th ACM SIGPLAN Conference on Programming Language Design and Implementation},
  pages = {242–255},
  numpages = {14},
  keywords = {weak memory models, operational semantics},
  location = {Philadelphia, PA, USA},
  series = {PLDI 2018}
}

@article{WasmFX,
  author = {Phipps-Costin, Luna and Rossberg, Andreas and Guha, Arjun and Leijen, Daan and Hillerstr\"{o}m, Daniel and Sivaramakrishnan, KC and Pretnar, Matija and Lindley, Sam},
  title = {Continuing WebAssembly with Effect Handlers},
  year = {2023},
  issue_date = {October 2023},
  publisher = {Association for Computing Machinery},
  address = {New York, NY, USA},
  volume = {7},
  number = {OOPSLA2},
  url = {https://doi.org/10.1145/3622814},
  doi = {10.1145/3622814},
  journal = {Proc. ACM Program. Lang.},
  month = {oct},
  articleno = {238},
  numpages = {26},
  keywords = {WebAssembly, effect handlers, stack switching}
}

@inproceedings{peepul,
  author = {Soundarapandian, Vimala and Kamath, Adharsh and Nagar, Kartik and Sivaramakrishnan, KC},
  title = {Certified mergeable replicated data types},
  year = {2022},
  isbn = {9781450392655},
  publisher = {Association for Computing Machinery},
  address = {New York, NY, USA},
  url = {https://doi.org/10.1145/3519939.3523735},
  doi = {10.1145/3519939.3523735},
  booktitle = {Proceedings of the 43rd ACM SIGPLAN International Conference on Programming Language Design and Implementation},
  pages = {332–347},
  numpages = {16},
  keywords = {Automated verification, Eventual consistency, MRDTs, Replication-aware simulation},
  location = {San Diego, CA, USA},
  series = {PLDI 2022}
}

@article{mrdt,
  author = {Kaki, Gowtham and Priya, Swarn and Sivaramakrishnan, KC and Jagannathan, Suresh},
  title = {Mergeable replicated data types},
  year = {2019},
  issue_date = {October 2019},
  publisher = {Association for Computing Machinery},
  address = {New York, NY, USA},
  volume = {3},
  number = {OOPSLA},
  url = {https://doi.org/10.1145/3360580},
  doi = {10.1145/3360580},
  journal = {Proc. ACM Program. Lang.},
  month = {oct},
  articleno = {154},
  numpages = {29},
  keywords = {CRDTs, Git, Replication, Version Control, Weak Consistency}
}
